%YAML 1.1
%TAG !u! tag:unity3d.com,2011:
--- !u!1 &3897437329470217557
GameObject:
  m_ObjectHideFlags: 0
  m_CorrespondingSourceObject: {fileID: 0}
  m_PrefabInstance: {fileID: 0}
  m_PrefabAsset: {fileID: 0}
  serializedVersion: 6
  m_Component:
  - component: {fileID: 1446605150606466535}
  - component: {fileID: 5864108186666996191}
  - component: {fileID: 26864573306015206}
  - component: {fileID: 4518216312835813932}
  - component: {fileID: 7297649880493803438}
  - component: {fileID: 4626594260274418907}
  - component: {fileID: 6317202424639285913}
  - component: {fileID: 6280525748067588292}
  m_Layer: 0
  m_Name: Car
  m_TagString: Enemy
  m_Icon: {fileID: 0}
  m_NavMeshLayer: 0
  m_StaticEditorFlags: 0
  m_IsActive: 1
--- !u!4 &1446605150606466535
Transform:
  m_ObjectHideFlags: 0
  m_CorrespondingSourceObject: {fileID: 0}
  m_PrefabInstance: {fileID: 0}
  m_PrefabAsset: {fileID: 0}
  m_GameObject: {fileID: 3897437329470217557}
  m_LocalRotation: {x: -0, y: -0, z: -0, w: 1}
  m_LocalPosition: {x: 0, y: 0, z: 0}
  m_LocalScale: {x: 0.225, y: 0.225, z: 0.225}
  m_Children: []
  m_Father: {fileID: 0}
  m_RootOrder: 0
  m_LocalEulerAnglesHint: {x: 0, y: 0, z: 0}
--- !u!212 &5864108186666996191
SpriteRenderer:
  m_ObjectHideFlags: 0
  m_CorrespondingSourceObject: {fileID: 0}
  m_PrefabInstance: {fileID: 0}
  m_PrefabAsset: {fileID: 0}
  m_GameObject: {fileID: 3897437329470217557}
  m_Enabled: 1
  m_CastShadows: 0
  m_ReceiveShadows: 0
  m_DynamicOccludee: 1
  m_StaticShadowCaster: 0
  m_MotionVectors: 1
  m_LightProbeUsage: 1
  m_ReflectionProbeUsage: 1
  m_RayTracingMode: 0
  m_RayTraceProcedural: 0
  m_RenderingLayerMask: 1
  m_RendererPriority: 0
  m_Materials:
  - {fileID: 10754, guid: 0000000000000000f000000000000000, type: 0}
  m_StaticBatchInfo:
    firstSubMesh: 0
    subMeshCount: 0
  m_StaticBatchRoot: {fileID: 0}
  m_ProbeAnchor: {fileID: 0}
  m_LightProbeVolumeOverride: {fileID: 0}
  m_ScaleInLightmap: 1
  m_ReceiveGI: 1
  m_PreserveUVs: 0
  m_IgnoreNormalsForChartDetection: 0
  m_ImportantGI: 0
  m_StitchLightmapSeams: 1
  m_SelectedEditorRenderState: 0
  m_MinimumChartSize: 4
  m_AutoUVMaxDistance: 0.5
  m_AutoUVMaxAngle: 89
  m_LightmapParameters: {fileID: 0}
  m_SortingLayerID: 0
  m_SortingLayer: 0
  m_SortingOrder: 0
  m_Sprite: {fileID: 21300000, guid: 4bd1828ee936c7e4f92550e1c06c5139, type: 3}
  m_Color: {r: 1, g: 1, b: 1, a: 1}
  m_FlipX: 0
  m_FlipY: 0
  m_DrawMode: 0
  m_Size: {x: 9.81, y: 4.29}
  m_AdaptiveModeThreshold: 0.5
  m_SpriteTileMode: 0
  m_WasSpriteAssigned: 1
  m_MaskInteraction: 0
  m_SpriteSortPoint: 0
--- !u!114 &26864573306015206
MonoBehaviour:
  m_ObjectHideFlags: 0
  m_CorrespondingSourceObject: {fileID: 0}
  m_PrefabInstance: {fileID: 0}
  m_PrefabAsset: {fileID: 0}
  m_GameObject: {fileID: 3897437329470217557}
  m_Enabled: 1
  m_EditorHideFlags: 0
  m_Script: {fileID: 11500000, guid: 4dedcd4317db5a7479754a434f850f5d, type: 3}
  m_Name: 
  m_EditorClassIdentifier: 
  moveSpeed: {x: 0, y: 0, z: 0}
  hopTime: 5
--- !u!114 &4518216312835813932
MonoBehaviour:
  m_ObjectHideFlags: 0
  m_CorrespondingSourceObject: {fileID: 0}
  m_PrefabInstance: {fileID: 0}
  m_PrefabAsset: {fileID: 0}
  m_GameObject: {fileID: 3897437329470217557}
  m_Enabled: 1
  m_EditorHideFlags: 0
  m_Script: {fileID: 11500000, guid: 07e9405172075b84cafbeb35aee147e9, type: 3}
  m_Name: 
  m_EditorClassIdentifier: 
  movementDirection: {x: 0, y: 0, z: 0}
  spawnableName: Car
  movementController: {fileID: 26864573306015206}
  endTag: NPC Despawn
  manuallySpawned: 0
--- !u!114 &7297649880493803438
MonoBehaviour:
  m_ObjectHideFlags: 0
  m_CorrespondingSourceObject: {fileID: 0}
  m_PrefabInstance: {fileID: 0}
  m_PrefabAsset: {fileID: 0}
  m_GameObject: {fileID: 3897437329470217557}
  m_Enabled: 1
  m_EditorHideFlags: 0
  m_Script: {fileID: 11500000, guid: bf98012ad378c84498c742f3a56d796d, type: 3}
  m_Name: 
  m_EditorClassIdentifier: 
  enemyName: Car
--- !u!114 &4626594260274418907
MonoBehaviour:
  m_ObjectHideFlags: 0
  m_CorrespondingSourceObject: {fileID: 0}
  m_PrefabInstance: {fileID: 0}
  m_PrefabAsset: {fileID: 0}
  m_GameObject: {fileID: 3897437329470217557}
  m_Enabled: 1
  m_EditorHideFlags: 0
  m_Script: {fileID: 11500000, guid: 62d8240bd22388843ad02fa770b58af4, type: 3}
  m_Name: 
  m_EditorClassIdentifier: 
  movementDirection: {x: 0, y: 0, z: 0}
  spawnableName: 
--- !u!60 &6317202424639285913
PolygonCollider2D:
  m_ObjectHideFlags: 0
  m_CorrespondingSourceObject: {fileID: 0}
  m_PrefabInstance: {fileID: 0}
  m_PrefabAsset: {fileID: 0}
  m_GameObject: {fileID: 3897437329470217557}
  m_Enabled: 1
  m_Density: 1
  m_Material: {fileID: 0}
  m_IsTrigger: 1
  m_UsedByEffector: 0
  m_UsedByComposite: 0
  m_Offset: {x: 0, y: 0}
  m_SpriteTilingProperty:
    border: {x: 0, y: 0, z: 0, w: 0}
    pivot: {x: 0.5, y: 0.5}
    oldSize: {x: 9.81, y: 4.29}
    newSize: {x: 9.81, y: 4.29}
    adaptiveTilingThreshold: 0.5
    drawMode: 0
    adaptiveTiling: 0
  m_AutoTiling: 0
  m_Points:
    m_Paths:
    - - {x: 1.115, y: -1.915}
      - {x: 1.175, y: -1.785}
      - {x: 1.2049999, y: -1.675}
      - {x: 1.2149999, y: -1.5749999}
      - {x: 1.385, y: -1.765}
      - {x: 1.415, y: -1.775}
      - {x: 1.485, y: -1.785}
      - {x: 1.755, y: -1.805}
      - {x: 2.0149999, y: -1.8249999}
      - {x: 2.5449998, y: -1.865}
      - {x: 3.475, y: -1.935}
      - {x: 4.015, y: -1.9749999}
      - {x: 4.115, y: -2.0049999}
      - {x: 4.145, y: -2.055}
      - {x: 4.2149997, y: -2.075}
      - {x: 4.255, y: -2.0349998}
      - {x: 4.315, y: -1.905}
      - {x: 4.595, y: -1.285}
      - {x: 4.785, y: -0.865}
      - {x: 4.9049997, y: -0.60499996}
      - {x: 4.9049997, y: 0.024999999}
      - {x: 4.895, y: 0.24499999}
      - {x: 4.8849998, y: 0.36499998}
      - {x: 4.825, y: 0.45499998}
      - {x: 4.765, y: 0.475}
      - {x: 4.565, y: 0.49499997}
      - {x: 3.665, y: 0.635}
      - {x: 2.565, y: 0.805}
      - {x: 2.365, y: 0.835}
      - {x: 2.245, y: 0.85499996}
      - {x: 1.985, y: 0.895}
      - {x: 1.925, y: 0.945}
      - {x: 1.765, y: 1.115}
      - {x: 1.5949999, y: 1.295}
      - {x: 1.275, y: 1.635}
      - {x: 0.945, y: 1.985}
      - {x: 0.945, y: 2.0449998}
      - {x: 0.875, y: 2.105}
      - {x: 0.375, y: 2.105}
      - {x: 0.36499998, y: 2.115}
      - {x: 0.035, y: 2.125}
      - {x: -0.295, y: 2.125}
      - {x: -0.305, y: 2.135}
      - {x: -0.635, y: 2.145}
      - {x: -1.535, y: 2.145}
      - {x: -1.555, y: 2.125}
      - {x: -1.765, y: 1.9549999}
      - {x: -1.905, y: 1.8349999}
      - {x: -2.0349998, y: 1.7149999}
      - {x: -2.175, y: 1.605}
      - {x: -2.315, y: 1.485}
      - {x: -2.575, y: 1.255}
      - {x: -2.615, y: 1.235}
      - {x: -2.885, y: 1.1949999}
      - {x: -3.2849998, y: 1.135}
      - {x: -3.625, y: 1.0849999}
      - {x: -3.665, y: 1.095}
      - {x: -3.695, y: 1.0749999}
      - {x: -4.205, y: 0.565}
      - {x: -4.2149997, y: 0.565}
      - {x: -4.555, y: 0.225}
      - {x: -4.565, y: 0.225}
      - {x: -4.765, y: 0.035}
      - {x: -4.795, y: 0.024999999}
      - {x: -4.815, y: 0.005}
      - {x: -4.845, y: -0.074999996}
      - {x: -4.855, y: -0.255}
      - {x: -4.9049997, y: -0.705}
      - {x: -4.9049997, y: -1.005}
      - {x: -4.895, y: -1.015}
      - {x: -4.825, y: -1.045}
      - {x: -4.265, y: -1.115}
      - {x: -3.7849998, y: -1.185}
      - {x: -3.705, y: -1.125}
      - {x: -3.5249999, y: -0.955}
      - {x: -3.5349998, y: -1.035}
      - {x: -3.5349998, y: -1.2149999}
      - {x: -3.495, y: -1.3249999}
      - {x: -3.415, y: -1.495}
      - {x: -3.2549999, y: -1.635}
      - {x: -3.165, y: -1.675}
      - {x: -3.095, y: -1.6949999}
      - {x: -3.0349998, y: -1.7049999}
      - {x: -2.955, y: -1.7049999}
      - {x: -2.855, y: -1.685}
      - {x: -2.735, y: -1.635}
      - {x: -2.575, y: -1.495}
      - {x: -2.495, y: -1.3249999}
      - {x: -2.465, y: -1.265}
      - {x: -2.455, y: -1.135}
      - {x: -2.355, y: -1.255}
      - {x: -2.2749999, y: -1.3249999}
      - {x: -2.135, y: -1.3349999}
      - {x: -0.175, y: -1.545}
      - {x: -0.074999996, y: -1.5649999}
      - {x: 0.024999999, y: -1.555}
      - {x: 0.145, y: -1.415}
      - {x: 0.13499999, y: -1.495}
      - {x: 0.13499999, y: -1.675}
      - {x: 0.175, y: -1.785}
      - {x: 0.255, y: -1.9549999}
      - {x: 0.415, y: -2.105}
      - {x: 0.53499997, y: -2.145}
      - {x: 0.815, y: -2.145}
      - {x: 0.84499997, y: -2.135}
      - {x: 0.935, y: -2.095}
      - {x: 0.97499996, y: -2.065}
--- !u!50 &6280525748067588292
Rigidbody2D:
  serializedVersion: 4
  m_ObjectHideFlags: 0
  m_CorrespondingSourceObject: {fileID: 0}
  m_PrefabInstance: {fileID: 0}
  m_PrefabAsset: {fileID: 0}
  m_GameObject: {fileID: 3897437329470217557}
  m_BodyType: 1
  m_Simulated: 1
  m_UseFullKinematicContacts: 0
  m_UseAutoMass: 0
  m_Mass: 1
  m_LinearDrag: 0
  m_AngularDrag: 0.05
  m_GravityScale: 1
  m_Material: {fileID: 0}
  m_Interpolate: 0
  m_SleepingMode: 1
  m_CollisionDetection: 1
  m_Constraints: 2
